%YAML 1.1
%TAG !u! tag:unity3d.com,2011:
--- !u!29 &1
SceneSettings:
  m_ObjectHideFlags: 0
  m_PVSData: 
  m_PVSObjectsArray: []
  m_PVSPortalsArray: []
  m_OcclusionBakeSettings:
    smallestOccluder: 5
    smallestHole: .25
    backfaceThreshold: 100
--- !u!104 &2
RenderSettings:
  m_Fog: 0
  m_FogColor: {r: .5, g: .5, b: .5, a: 1}
  m_FogMode: 3
  m_FogDensity: .00999999978
  m_LinearFogStart: 0
  m_LinearFogEnd: 300
  m_AmbientLight: {r: 0, g: 0, b: 0, a: 1}
  m_SkyboxMaterial: {fileID: 0}
  m_HaloStrength: .5
  m_FlareStrength: 1
  m_FlareFadeSpeed: 3
  m_HaloTexture: {fileID: 0}
  m_SpotCookie: {fileID: 0}
  m_ObjectHideFlags: 0
--- !u!127 &3
LevelGameManager:
  m_ObjectHideFlags: 0
--- !u!157 &4
LightmapSettings:
  m_ObjectHideFlags: 0
  m_LightProbes: {fileID: 0}
  m_Lightmaps: []
  m_LightmapsMode: 1
  m_BakedColorSpace: 0
  m_UseDualLightmapsInForward: 0
  m_LightmapEditorSettings:
    m_Resolution: 50
    m_LastUsedResolution: 0
    m_TextureWidth: 1024
    m_TextureHeight: 1024
    m_BounceBoost: 1
    m_BounceIntensity: 1
    m_SkyLightColor: {r: .860000014, g: .930000007, b: 1, a: 1}
    m_SkyLightIntensity: 0
    m_Quality: 0
    m_Bounces: 1
    m_FinalGatherRays: 1000
    m_FinalGatherContrastThreshold: .0500000007
    m_FinalGatherGradientThreshold: 0
    m_FinalGatherInterpolationPoints: 15
    m_AOAmount: 0
    m_AOMaxDistance: .100000001
    m_AOContrast: 1
    m_LODSurfaceMappingDistance: 1
    m_Padding: 0
    m_TextureCompression: 0
    m_LockAtlas: 0
--- !u!196 &5
NavMeshSettings:
  m_ObjectHideFlags: 0
  m_BuildSettings:
    agentRadius: .5
    agentHeight: 2
    agentSlope: 45
    agentClimb: .400000006
    ledgeDropHeight: 0
    maxJumpAcrossDistance: 0
    accuratePlacement: 0
    minRegionArea: 2
    widthInaccuracy: 16.666666
    heightInaccuracy: 10
    tileSizeHint: 0
  m_NavMesh: {fileID: 0}
--- !u!1001 &23209210
Prefab:
  m_ObjectHideFlags: 0
  serializedVersion: 2
  m_Modification:
    m_TransformParent: {fileID: 0}
    m_Modifications:
    - target: {fileID: 452518, guid: 583fe1f263b86664b9116f32ab786147, type: 2}
      propertyPath: m_LocalPosition.x
      value: -10.9300003
      objectReference: {fileID: 0}
    - target: {fileID: 452518, guid: 583fe1f263b86664b9116f32ab786147, type: 2}
      propertyPath: m_LocalPosition.y
      value: 1.99000001
      objectReference: {fileID: 0}
    - target: {fileID: 452518, guid: 583fe1f263b86664b9116f32ab786147, type: 2}
      propertyPath: m_LocalPosition.z
      value: -11.2299995
      objectReference: {fileID: 0}
    - target: {fileID: 452518, guid: 583fe1f263b86664b9116f32ab786147, type: 2}
      propertyPath: m_LocalRotation.x
      value: 0
      objectReference: {fileID: 0}
    - target: {fileID: 452518, guid: 583fe1f263b86664b9116f32ab786147, type: 2}
      propertyPath: m_LocalRotation.y
      value: .707106829
      objectReference: {fileID: 0}
    - target: {fileID: 452518, guid: 583fe1f263b86664b9116f32ab786147, type: 2}
      propertyPath: m_LocalRotation.z
      value: 0
      objectReference: {fileID: 0}
    - target: {fileID: 452518, guid: 583fe1f263b86664b9116f32ab786147, type: 2}
      propertyPath: m_LocalRotation.w
      value: .707106829
      objectReference: {fileID: 0}
    - target: {fileID: 452518, guid: 583fe1f263b86664b9116f32ab786147, type: 2}
      propertyPath: m_RootOrder
      value: 0
      objectReference: {fileID: 0}
    m_RemovedComponents: []
  m_ParentPrefab: {fileID: 100100000, guid: 583fe1f263b86664b9116f32ab786147, type: 2}
  m_RootGameObject: {fileID: 1476286601}
  m_IsPrefabParent: 0
  m_IsExploded: 1
--- !u!1 &24683863
GameObject:
  m_ObjectHideFlags: 0
  m_PrefabParentObject: {fileID: 152522, guid: 583fe1f263b86664b9116f32ab786147, type: 2}
  m_PrefabInternal: {fileID: 23209210}
  serializedVersion: 4
  m_Component:
  - 4: {fileID: 24683865}
  - 108: {fileID: 24683864}
  - 114: {fileID: 24683866}
  m_Layer: 8
  m_Name: Flashlight
  m_TagString: Untagged
  m_Icon: {fileID: 0}
  m_NavMeshLayer: 0
  m_StaticEditorFlags: 0
  m_IsActive: 1
--- !u!108 &24683864
Light:
  m_ObjectHideFlags: 0
  m_PrefabParentObject: {fileID: 10852522, guid: 583fe1f263b86664b9116f32ab786147,
    type: 2}
  m_PrefabInternal: {fileID: 23209210}
  m_GameObject: {fileID: 24683863}
  m_Enabled: 1
  serializedVersion: 3
  m_Type: 0
  m_Color: {r: 1, g: 1, b: 1, a: 1}
  m_Intensity: .5
  m_Range: 820
  m_SpotAngle: 54
  m_CookieSize: 10
  m_Shadows:
    m_Type: 0
    m_Resolution: -1
    m_Strength: 1
    m_Bias: .0500000007
    m_Softness: 4
    m_SoftnessFade: 1
  m_Cookie: {fileID: 0}
  m_DrawHalo: 0
  m_ActuallyLightmapped: 0
  m_Flare: {fileID: 0}
  m_RenderMode: 0
  m_CullingMask:
    serializedVersion: 2
    m_Bits: 4294967295
  m_Lightmapping: 1
  m_ShadowSamples: 1
  m_ShadowRadius: 0
  m_ShadowAngle: 0
  m_IndirectIntensity: 1
  m_AreaSize: {x: 1, y: 1}
--- !u!4 &24683865
Transform:
  m_ObjectHideFlags: 0
  m_PrefabParentObject: {fileID: 452522, guid: 583fe1f263b86664b9116f32ab786147, type: 2}
  m_PrefabInternal: {fileID: 23209210}
  m_GameObject: {fileID: 24683863}
  m_LocalRotation: {x: 0, y: 0, z: 0, w: 1}
  m_LocalPosition: {x: 0, y: -.620000005, z: -.769999981}
  m_LocalScale: {x: 1, y: 1, z: 1}
  m_Children: []
  m_Father: {fileID: 216411904}
  m_RootOrder: 0
--- !u!114 &24683866
MonoBehaviour:
  m_ObjectHideFlags: 0
  m_PrefabParentObject: {fileID: 11416878, guid: 583fe1f263b86664b9116f32ab786147,
    type: 2}
  m_PrefabInternal: {fileID: 23209210}
  m_GameObject: {fileID: 24683863}
  m_Enabled: 1
  m_EditorHideFlags: 0
  m_Script: {fileID: 11500000, guid: cd7ef3e22d458435fac9ce2b6a2e23d3, type: 3}
  m_Name: 
  m_EditorClassIdentifier: 
  flashlight: {fileID: 24683864}
  on: 0
--- !u!1001 &66761874
Prefab:
  m_ObjectHideFlags: 0
  serializedVersion: 2
  m_Modification:
    m_TransformParent: {fileID: 0}
    m_Modifications:
    - target: {fileID: 472296, guid: e072b416fdab88144aeb3d8d89fb5722, type: 2}
      propertyPath: m_LocalPosition.x
      value: 43.1399994
      objectReference: {fileID: 0}
    - target: {fileID: 472296, guid: e072b416fdab88144aeb3d8d89fb5722, type: 2}
      propertyPath: m_LocalPosition.y
      value: 14.5500002
      objectReference: {fileID: 0}
    - target: {fileID: 472296, guid: e072b416fdab88144aeb3d8d89fb5722, type: 2}
      propertyPath: m_LocalPosition.z
      value: 3.15700006
      objectReference: {fileID: 0}
    - target: {fileID: 472296, guid: e072b416fdab88144aeb3d8d89fb5722, type: 2}
      propertyPath: m_LocalRotation.x
      value: 0
      objectReference: {fileID: 0}
    - target: {fileID: 472296, guid: e072b416fdab88144aeb3d8d89fb5722, type: 2}
      propertyPath: m_LocalRotation.y
      value: 0
      objectReference: {fileID: 0}
    - target: {fileID: 472296, guid: e072b416fdab88144aeb3d8d89fb5722, type: 2}
      propertyPath: m_LocalRotation.z
      value: 0
      objectReference: {fileID: 0}
    - target: {fileID: 472296, guid: e072b416fdab88144aeb3d8d89fb5722, type: 2}
      propertyPath: m_LocalRotation.w
      value: 1
      objectReference: {fileID: 0}
    - target: {fileID: 472296, guid: e072b416fdab88144aeb3d8d89fb5722, type: 2}
      propertyPath: m_RootOrder
      value: 5
      objectReference: {fileID: 0}
    m_RemovedComponents: []
  m_ParentPrefab: {fileID: 100100000, guid: e072b416fdab88144aeb3d8d89fb5722, type: 2}
  m_RootGameObject: {fileID: 660269028}
  m_IsPrefabParent: 0
  m_IsExploded: 1
--- !u!1 &81535033
GameObject:
  m_ObjectHideFlags: 0
  m_PrefabParentObject: {fileID: 0}
  m_PrefabInternal: {fileID: 0}
  serializedVersion: 4
  m_Component:
  - 4: {fileID: 81535037}
  - 33: {fileID: 81535036}
  - 64: {fileID: 81535035}
  - 23: {fileID: 81535034}
  m_Layer: 0
  m_Name: SouthWall
  m_TagString: Untagged
  m_Icon: {fileID: 0}
  m_NavMeshLayer: 0
  m_StaticEditorFlags: 0
  m_IsActive: 1
--- !u!23 &81535034
Renderer:
  m_ObjectHideFlags: 0
  m_PrefabParentObject: {fileID: 0}
  m_PrefabInternal: {fileID: 0}
  m_GameObject: {fileID: 81535033}
  m_Enabled: 1
  m_CastShadows: 1
  m_ReceiveShadows: 1
  m_LightmapIndex: 255
  m_LightmapTilingOffset: {x: 1, y: 1, z: 0, w: 0}
  m_Materials:
  - {fileID: 10302, guid: 0000000000000000f000000000000000, type: 0}
  m_SubsetIndices: 
  m_StaticBatchRoot: {fileID: 0}
  m_UseLightProbes: 0
  m_LightProbeAnchor: {fileID: 0}
  m_ScaleInLightmap: 1
  m_SortingLayerID: 0
  m_SortingOrder: 0
--- !u!64 &81535035
MeshCollider:
  m_ObjectHideFlags: 0
  m_PrefabParentObject: {fileID: 0}
  m_PrefabInternal: {fileID: 0}
  m_GameObject: {fileID: 81535033}
  m_Material: {fileID: 0}
  m_IsTrigger: 0
  m_Enabled: 1
  serializedVersion: 2
  m_SmoothSphereCollisions: 0
  m_Convex: 0
  m_Mesh: {fileID: 10209, guid: 0000000000000000e000000000000000, type: 0}
--- !u!33 &81535036
MeshFilter:
  m_ObjectHideFlags: 0
  m_PrefabParentObject: {fileID: 0}
  m_PrefabInternal: {fileID: 0}
  m_GameObject: {fileID: 81535033}
  m_Mesh: {fileID: 10209, guid: 0000000000000000e000000000000000, type: 0}
--- !u!4 &81535037
Transform:
  m_ObjectHideFlags: 0
  m_PrefabParentObject: {fileID: 0}
  m_PrefabInternal: {fileID: 0}
  m_GameObject: {fileID: 81535033}
  m_LocalRotation: {x: .707106829, y: 0, z: 0, w: .707106829}
  m_LocalPosition: {x: 0, y: -0, z: -15}
  m_LocalScale: {x: 3, y: 1, z: 3}
  m_Children: []
  m_Father: {fileID: 757582517}
  m_RootOrder: 2
--- !u!1 &206874727
GameObject:
  m_ObjectHideFlags: 0
  m_PrefabParentObject: {fileID: 135276, guid: 4bffc0e44e4788b4bba0b612e9c503c7, type: 2}
  m_PrefabInternal: {fileID: 1878640141}
  serializedVersion: 4
  m_Component:
  - 4: {fileID: 206874731}
  - 33: {fileID: 206874730}
  - 65: {fileID: 206874729}
  - 23: {fileID: 206874728}
  - 114: {fileID: 206874732}
  - 114: {fileID: 206874733}
  m_Layer: 0
  m_Name: ResearchNoteTrigger
  m_TagString: Untagged
  m_Icon: {fileID: 0}
  m_NavMeshLayer: 0
  m_StaticEditorFlags: 0
  m_IsActive: 1
--- !u!23 &206874728
Renderer:
  m_ObjectHideFlags: 0
  m_PrefabParentObject: {fileID: 2335276, guid: 4bffc0e44e4788b4bba0b612e9c503c7,
    type: 2}
  m_PrefabInternal: {fileID: 1878640141}
  m_GameObject: {fileID: 206874727}
  m_Enabled: 1
  m_CastShadows: 1
  m_ReceiveShadows: 1
  m_LightmapIndex: 255
  m_LightmapTilingOffset: {x: 1, y: 1, z: 0, w: 0}
  m_Materials:
  - {fileID: 10302, guid: 0000000000000000f000000000000000, type: 0}
  m_SubsetIndices: 
  m_StaticBatchRoot: {fileID: 0}
  m_UseLightProbes: 0
  m_LightProbeAnchor: {fileID: 0}
  m_ScaleInLightmap: 1
  m_SortingLayerID: 0
  m_SortingOrder: 0
--- !u!65 &206874729
BoxCollider:
  m_ObjectHideFlags: 0
  m_PrefabParentObject: {fileID: 6535276, guid: 4bffc0e44e4788b4bba0b612e9c503c7,
    type: 2}
  m_PrefabInternal: {fileID: 1878640141}
  m_GameObject: {fileID: 206874727}
  m_Material: {fileID: 0}
  m_IsTrigger: 1
  m_Enabled: 1
  serializedVersion: 2
  m_Size: {x: 10, y: 10, z: 10}
  m_Center: {x: 0, y: 0, z: 0}
--- !u!33 &206874730
MeshFilter:
  m_ObjectHideFlags: 0
  m_PrefabParentObject: {fileID: 3335276, guid: 4bffc0e44e4788b4bba0b612e9c503c7,
    type: 2}
  m_PrefabInternal: {fileID: 1878640141}
  m_GameObject: {fileID: 206874727}
  m_Mesh: {fileID: 10202, guid: 0000000000000000e000000000000000, type: 0}
--- !u!4 &206874731
Transform:
  m_ObjectHideFlags: 0
  m_PrefabParentObject: {fileID: 435276, guid: 4bffc0e44e4788b4bba0b612e9c503c7, type: 2}
  m_PrefabInternal: {fileID: 1878640141}
  m_GameObject: {fileID: 206874727}
  m_LocalRotation: {x: 0, y: 0, z: 0, w: 1}
  m_LocalPosition: {x: 8.28999996, y: 1.04999995, z: -9.96000004}
  m_LocalScale: {x: 1, y: 1, z: 1}
  m_Children: []
  m_Father: {fileID: 0}
  m_RootOrder: 2
--- !u!114 &206874732
MonoBehaviour:
  m_ObjectHideFlags: 0
  m_PrefabParentObject: {fileID: 11435276, guid: 4bffc0e44e4788b4bba0b612e9c503c7,
    type: 2}
  m_PrefabInternal: {fileID: 1878640141}
  m_GameObject: {fileID: 206874727}
  m_Enabled: 1
  m_EditorHideFlags: 0
  m_Script: {fileID: 11500000, guid: 7a7a9a12ef1fdce4aa98a0fd25de36e1, type: 3}
  m_Name: 
  m_EditorClassIdentifier: 
  ItemDiscoverable: 0
  ItemUsed: 0
  ObjectType: 0
--- !u!114 &206874733
MonoBehaviour:
  m_ObjectHideFlags: 0
  m_PrefabParentObject: {fileID: 11435274, guid: 4bffc0e44e4788b4bba0b612e9c503c7,
    type: 2}
  m_PrefabInternal: {fileID: 1878640141}
  m_GameObject: {fileID: 206874727}
  m_Enabled: 1
  m_EditorHideFlags: 0
  m_Script: {fileID: 11500000, guid: 7f895f2051d7a13408c69623c5e785ca, type: 3}
  m_Name: 
  m_EditorClassIdentifier: 
  NoteContent: Test Note 1 - Research Note
  m_NoteType: 1
--- !u!1 &216411903
GameObject:
  m_ObjectHideFlags: 0
  m_PrefabParentObject: {fileID: 152520, guid: 583fe1f263b86664b9116f32ab786147, type: 2}
  m_PrefabInternal: {fileID: 23209210}
  serializedVersion: 4
  m_Component:
  - 4: {fileID: 216411904}
  - 20: {fileID: 216411909}
  - 92: {fileID: 216411908}
  - 124: {fileID: 216411907}
  - 114: {fileID: 216411906}
  - 81: {fileID: 216411905}
  m_Layer: 8
  m_Name: Main Camera
  m_TagString: MainCamera
  m_Icon: {fileID: 0}
  m_NavMeshLayer: 0
  m_StaticEditorFlags: 0
  m_IsActive: 1
--- !u!4 &216411904
Transform:
  m_ObjectHideFlags: 0
  m_PrefabParentObject: {fileID: 452520, guid: 583fe1f263b86664b9116f32ab786147, type: 2}
  m_PrefabInternal: {fileID: 23209210}
  m_GameObject: {fileID: 216411903}
  m_LocalRotation: {x: 0, y: 0, z: 0, w: 1}
  m_LocalPosition: {x: 0, y: 1.90708351, z: 0}
  m_LocalScale: {x: 1, y: 1, z: 1}
  m_Children:
  - {fileID: 24683865}
  m_Father: {fileID: 1900411307}
  m_RootOrder: 0
--- !u!81 &216411905
AudioListener:
  m_ObjectHideFlags: 0
  m_PrefabParentObject: {fileID: 8152522, guid: 583fe1f263b86664b9116f32ab786147,
    type: 2}
  m_PrefabInternal: {fileID: 23209210}
  m_GameObject: {fileID: 216411903}
  m_Enabled: 1
--- !u!114 &216411906
MonoBehaviour:
  m_ObjectHideFlags: 0
  m_PrefabParentObject: {fileID: 11452522, guid: 583fe1f263b86664b9116f32ab786147,
    type: 2}
  m_PrefabInternal: {fileID: 23209210}
  m_GameObject: {fileID: 216411903}
  m_Enabled: 1
  m_EditorHideFlags: 0
  m_Script: {fileID: 11500000, guid: 68ec2fe99d1108b9d0006a298d76c639, type: 3}
  m_Name: 
  m_EditorClassIdentifier: 
  axes: 2
  sensitivityX: 5
  sensitivityY: 5
  minimumX: 0
  maximumX: 360
  minimumY: -60
  maximumY: 60
--- !u!124 &216411907
Behaviour:
  m_ObjectHideFlags: 0
  m_PrefabParentObject: {fileID: 12452522, guid: 583fe1f263b86664b9116f32ab786147,
    type: 2}
  m_PrefabInternal: {fileID: 23209210}
  m_GameObject: {fileID: 216411903}
  m_Enabled: 1
--- !u!92 &216411908
Behaviour:
  m_ObjectHideFlags: 0
  m_PrefabParentObject: {fileID: 9252522, guid: 583fe1f263b86664b9116f32ab786147,
    type: 2}
  m_PrefabInternal: {fileID: 23209210}
  m_GameObject: {fileID: 216411903}
  m_Enabled: 1
--- !u!20 &216411909
Camera:
  m_ObjectHideFlags: 0
  m_PrefabParentObject: {fileID: 2052522, guid: 583fe1f263b86664b9116f32ab786147,
    type: 2}
  m_PrefabInternal: {fileID: 23209210}
  m_GameObject: {fileID: 216411903}
  m_Enabled: 1
  serializedVersion: 2
  m_ClearFlags: 1
  m_BackGroundColor: {r: 0, g: 0, b: 0, a: 1}
  m_NormalizedViewPortRect:
    serializedVersion: 2
    x: 0
    y: 0
    width: 1
    height: 1
  near clip plane: .300000012
  far clip plane: 1000
  field of view: 60
  orthographic: 0
  orthographic size: 100
  m_Depth: 0
  m_CullingMask:
    serializedVersion: 2
    m_Bits: 4294967295
  m_RenderingPath: -1
  m_TargetTexture: {fileID: 0}
  m_TargetDisplay: 0
  m_HDR: 0
  m_OcclusionCulling: 1
  m_StereoConvergence: 10
  m_StereoSeparation: .0219999999
--- !u!1 &379465004
GameObject:
  m_ObjectHideFlags: 0
  m_PrefabParentObject: {fileID: 0}
  m_PrefabInternal: {fileID: 0}
  serializedVersion: 4
  m_Component:
  - 4: {fileID: 379465006}
  - 108: {fileID: 379465005}
  m_Layer: 0
  m_Name: Directional light
  m_TagString: Untagged
  m_Icon: {fileID: 0}
  m_NavMeshLayer: 0
  m_StaticEditorFlags: 0
  m_IsActive: 1
--- !u!108 &379465005
Light:
  m_ObjectHideFlags: 0
  m_PrefabParentObject: {fileID: 0}
  m_PrefabInternal: {fileID: 0}
  m_GameObject: {fileID: 379465004}
  m_Enabled: 1
  serializedVersion: 3
  m_Type: 1
  m_Color: {r: 1, g: 1, b: 1, a: 1}
  m_Intensity: .5
  m_Range: 10
  m_SpotAngle: 30
  m_CookieSize: 10
  m_Shadows:
    m_Type: 0
    m_Resolution: -1
    m_Strength: 1
    m_Bias: .0500000007
    m_Softness: 4
    m_SoftnessFade: 1
  m_Cookie: {fileID: 0}
  m_DrawHalo: 0
  m_ActuallyLightmapped: 0
  m_Flare: {fileID: 0}
  m_RenderMode: 0
  m_CullingMask:
    serializedVersion: 2
    m_Bits: 4294967295
  m_Lightmapping: 1
  m_ShadowSamples: 1
  m_ShadowRadius: 0
  m_ShadowAngle: 0
  m_IndirectIntensity: 1
  m_AreaSize: {x: 1, y: 1}
--- !u!4 &379465006
Transform:
  m_ObjectHideFlags: 0
  m_PrefabParentObject: {fileID: 0}
  m_PrefabInternal: {fileID: 0}
  m_GameObject: {fileID: 379465004}
  m_LocalRotation: {x: .408217937, y: -.234569728, z: .109381661, w: .875426114}
  m_LocalPosition: {x: 37.1418228, y: 13.6802034, z: -5.17244911}
  m_LocalScale: {x: 1, y: 1, z: 1}
  m_Children: []
  m_Father: {fileID: 0}
  m_RootOrder: 7
--- !u!1001 &490962696
Prefab:
  m_ObjectHideFlags: 0
  serializedVersion: 2
  m_Modification:
    m_TransformParent: {fileID: 757582517}
    m_Modifications:
    - target: {fileID: 413408, guid: dbc74a9b884fb0d45bedd349a649bb55, type: 2}
      propertyPath: m_LocalPosition.x
      value: .129999995
      objectReference: {fileID: 0}
    - target: {fileID: 413408, guid: dbc74a9b884fb0d45bedd349a649bb55, type: 2}
      propertyPath: m_LocalPosition.y
      value: 2.5
      objectReference: {fileID: 0}
    - target: {fileID: 413408, guid: dbc74a9b884fb0d45bedd349a649bb55, type: 2}
      propertyPath: m_LocalPosition.z
      value: 4.80000019
      objectReference: {fileID: 0}
    - target: {fileID: 413408, guid: dbc74a9b884fb0d45bedd349a649bb55, type: 2}
      propertyPath: m_LocalRotation.x
      value: 0
      objectReference: {fileID: 0}
    - target: {fileID: 413408, guid: dbc74a9b884fb0d45bedd349a649bb55, type: 2}
      propertyPath: m_LocalRotation.y
      value: .707106829
      objectReference: {fileID: 0}
    - target: {fileID: 413408, guid: dbc74a9b884fb0d45bedd349a649bb55, type: 2}
      propertyPath: m_LocalRotation.z
      value: 0
      objectReference: {fileID: 0}
    - target: {fileID: 413408, guid: dbc74a9b884fb0d45bedd349a649bb55, type: 2}
      propertyPath: m_LocalRotation.w
      value: .707106829
      objectReference: {fileID: 0}
    - target: {fileID: 413408, guid: dbc74a9b884fb0d45bedd349a649bb55, type: 2}
      propertyPath: m_RootOrder
      value: 6
      objectReference: {fileID: 0}
    m_RemovedComponents: []
  m_ParentPrefab: {fileID: 100100000, guid: dbc74a9b884fb0d45bedd349a649bb55, type: 2}
  m_RootGameObject: {fileID: 610730116}
  m_IsPrefabParent: 0
  m_IsExploded: 1
--- !u!1 &610730116
GameObject:
  m_ObjectHideFlags: 0
  m_PrefabParentObject: {fileID: 113408, guid: dbc74a9b884fb0d45bedd349a649bb55, type: 2}
  m_PrefabInternal: {fileID: 490962696}
  serializedVersion: 4
  m_Component:
  - 4: {fileID: 610730120}
  - 33: {fileID: 610730119}
  - 65: {fileID: 610730118}
  - 23: {fileID: 610730117}
  m_Layer: 0
  m_Name: Box
  m_TagString: Untagged
  m_Icon: {fileID: 0}
  m_NavMeshLayer: 0
  m_StaticEditorFlags: 0
  m_IsActive: 1
--- !u!23 &610730117
Renderer:
  m_ObjectHideFlags: 0
  m_PrefabParentObject: {fileID: 2313408, guid: dbc74a9b884fb0d45bedd349a649bb55,
    type: 2}
  m_PrefabInternal: {fileID: 490962696}
  m_GameObject: {fileID: 610730116}
  m_Enabled: 1
  m_CastShadows: 1
  m_ReceiveShadows: 1
  m_LightmapIndex: 255
  m_LightmapTilingOffset: {x: 1, y: 1, z: 0, w: 0}
  m_Materials:
  - {fileID: 10302, guid: 0000000000000000f000000000000000, type: 0}
  m_SubsetIndices: 
  m_StaticBatchRoot: {fileID: 0}
  m_UseLightProbes: 0
  m_LightProbeAnchor: {fileID: 0}
  m_ScaleInLightmap: 1
  m_SortingLayerID: 0
  m_SortingOrder: 0
--- !u!65 &610730118
BoxCollider:
  m_ObjectHideFlags: 0
  m_PrefabParentObject: {fileID: 6513408, guid: dbc74a9b884fb0d45bedd349a649bb55,
    type: 2}
  m_PrefabInternal: {fileID: 490962696}
  m_GameObject: {fileID: 610730116}
  m_Material: {fileID: 0}
  m_IsTrigger: 0
  m_Enabled: 1
  serializedVersion: 2
  m_Size: {x: 1, y: 1, z: 1}
  m_Center: {x: 0, y: 0, z: 0}
--- !u!33 &610730119
MeshFilter:
  m_ObjectHideFlags: 0
  m_PrefabParentObject: {fileID: 3313408, guid: dbc74a9b884fb0d45bedd349a649bb55,
    type: 2}
  m_PrefabInternal: {fileID: 490962696}
  m_GameObject: {fileID: 610730116}
  m_Mesh: {fileID: 10202, guid: 0000000000000000e000000000000000, type: 0}
--- !u!4 &610730120
Transform:
  m_ObjectHideFlags: 0
  m_PrefabParentObject: {fileID: 413408, guid: dbc74a9b884fb0d45bedd349a649bb55, type: 2}
  m_PrefabInternal: {fileID: 490962696}
  m_GameObject: {fileID: 610730116}
  m_LocalRotation: {x: 0, y: .707106829, z: 0, w: .707106829}
  m_LocalPosition: {x: .129999995, y: 2.5, z: 4.80000019}
  m_LocalScale: {x: 5, y: 5, z: 20}
  m_Children: []
  m_Father: {fileID: 757582517}
  m_RootOrder: 6
--- !u!1 &660269028
GameObject:
  m_ObjectHideFlags: 0
  m_PrefabParentObject: {fileID: 172296, guid: e072b416fdab88144aeb3d8d89fb5722, type: 2}
  m_PrefabInternal: {fileID: 66761874}
  serializedVersion: 4
  m_Component:
  - 4: {fileID: 660269033}
  - 33: {fileID: 660269032}
  - 65: {fileID: 660269031}
  - 23: {fileID: 660269030}
  - 114: {fileID: 660269029}
  m_Layer: 0
  m_Name: ExitTrigger
  m_TagString: Untagged
  m_Icon: {fileID: 0}
  m_NavMeshLayer: 0
  m_StaticEditorFlags: 0
  m_IsActive: 1
--- !u!114 &660269029
MonoBehaviour:
  m_ObjectHideFlags: 0
  m_PrefabParentObject: {fileID: 11472296, guid: e072b416fdab88144aeb3d8d89fb5722,
    type: 2}
  m_PrefabInternal: {fileID: 66761874}
  m_GameObject: {fileID: 660269028}
  m_Enabled: 1
  m_EditorHideFlags: 0
  m_Script: {fileID: 11500000, guid: 7a7a9a12ef1fdce4aa98a0fd25de36e1, type: 3}
  m_Name: 
  m_EditorClassIdentifier: 
  ItemDiscoverable: 0
  ItemUsed: 0
  ObjectType: 1
--- !u!23 &660269030
Renderer:
  m_ObjectHideFlags: 0
  m_PrefabParentObject: {fileID: 2372296, guid: e072b416fdab88144aeb3d8d89fb5722,
    type: 2}
  m_PrefabInternal: {fileID: 66761874}
  m_GameObject: {fileID: 660269028}
  m_Enabled: 0
  m_CastShadows: 1
  m_ReceiveShadows: 1
  m_LightmapIndex: 255
  m_LightmapTilingOffset: {x: 1, y: 1, z: 0, w: 0}
  m_Materials:
  - {fileID: 10302, guid: 0000000000000000f000000000000000, type: 0}
  m_SubsetIndices: 
  m_StaticBatchRoot: {fileID: 0}
  m_UseLightProbes: 0
  m_LightProbeAnchor: {fileID: 0}
  m_ScaleInLightmap: 1
  m_SortingLayerID: 0
  m_SortingOrder: 0
--- !u!65 &660269031
BoxCollider:
  m_ObjectHideFlags: 0
  m_PrefabParentObject: {fileID: 6572296, guid: e072b416fdab88144aeb3d8d89fb5722,
    type: 2}
  m_PrefabInternal: {fileID: 66761874}
  m_GameObject: {fileID: 660269028}
  m_Material: {fileID: 0}
  m_IsTrigger: 1
  m_Enabled: 1
  serializedVersion: 2
  m_Size: {x: 5, y: 5, z: 5}
  m_Center: {x: 0, y: 0, z: 0}
--- !u!33 &660269032
MeshFilter:
  m_ObjectHideFlags: 0
  m_PrefabParentObject: {fileID: 3372296, guid: e072b416fdab88144aeb3d8d89fb5722,
    type: 2}
  m_PrefabInternal: {fileID: 66761874}
  m_GameObject: {fileID: 660269028}
  m_Mesh: {fileID: 10202, guid: 0000000000000000e000000000000000, type: 0}
--- !u!4 &660269033
Transform:
  m_ObjectHideFlags: 0
  m_PrefabParentObject: {fileID: 472296, guid: e072b416fdab88144aeb3d8d89fb5722, type: 2}
  m_PrefabInternal: {fileID: 66761874}
  m_GameObject: {fileID: 660269028}
  m_LocalRotation: {x: 0, y: 0, z: 0, w: 1}
  m_LocalPosition: {x: 43.1399994, y: 14.5500002, z: 3.15700006}
  m_LocalScale: {x: .5, y: .5, z: .5}
  m_Children: []
  m_Father: {fileID: 0}
  m_RootOrder: 5
--- !u!1 &757582516
GameObject:
  m_ObjectHideFlags: 0
  m_PrefabParentObject: {fileID: 0}
  m_PrefabInternal: {fileID: 0}
  serializedVersion: 4
  m_Component:
  - 4: {fileID: 757582517}
  m_Layer: 0
  m_Name: Room
  m_TagString: Untagged
  m_Icon: {fileID: 0}
  m_NavMeshLayer: 0
  m_StaticEditorFlags: 0
  m_IsActive: 1
--- !u!4 &757582517
Transform:
  m_ObjectHideFlags: 0
  m_PrefabParentObject: {fileID: 0}
  m_PrefabInternal: {fileID: 0}
  m_GameObject: {fileID: 757582516}
  m_LocalRotation: {x: 0, y: 0, z: 0, w: 1}
  m_LocalPosition: {x: 0, y: 0, z: 0}
  m_LocalScale: {x: 1, y: 1, z: 1}
  m_Children:
  - {fileID: 1195164255}
  - {fileID: 1857811310}
  - {fileID: 81535037}
  - {fileID: 1198578538}
  - {fileID: 1182010743}
  - {fileID: 1577289946}
  - {fileID: 610730120}
  m_Father: {fileID: 0}
  m_RootOrder: 1
--- !u!1 &953076024
GameObject:
  m_ObjectHideFlags: 0
  m_PrefabParentObject: {fileID: 110346, guid: 7cb3e0fdd9da6cb4db4f9992114c6a07, type: 2}
  m_PrefabInternal: {fileID: 1980805428}
  serializedVersion: 4
  m_Component:
  - 4: {fileID: 953076030}
  - 33: {fileID: 953076029}
  - 65: {fileID: 953076028}
  - 23: {fileID: 953076027}
  - 114: {fileID: 953076026}
  - 114: {fileID: 953076025}
  m_Layer: 0
  m_Name: SpecialNoteTrigger
  m_TagString: Untagged
  m_Icon: {fileID: 0}
  m_NavMeshLayer: 0
  m_StaticEditorFlags: 0
  m_IsActive: 1
--- !u!114 &953076025
MonoBehaviour:
  m_ObjectHideFlags: 0
  m_PrefabParentObject: {fileID: 11410346, guid: 7cb3e0fdd9da6cb4db4f9992114c6a07,
    type: 2}
  m_PrefabInternal: {fileID: 1980805428}
  m_GameObject: {fileID: 953076024}
  m_Enabled: 1
  m_EditorHideFlags: 0
  m_Script: {fileID: 11500000, guid: 7f895f2051d7a13408c69623c5e785ca, type: 3}
  m_Name: 
  m_EditorClassIdentifier: 
  NoteContent: Test Note 2 - Special Note
  m_NoteType: 0
--- !u!114 &953076026
MonoBehaviour:
  m_ObjectHideFlags: 0
  m_PrefabParentObject: {fileID: 11410344, guid: 7cb3e0fdd9da6cb4db4f9992114c6a07,
    type: 2}
  m_PrefabInternal: {fileID: 1980805428}
  m_GameObject: {fileID: 953076024}
  m_Enabled: 1
  m_EditorHideFlags: 0
  m_Script: {fileID: 11500000, guid: 7a7a9a12ef1fdce4aa98a0fd25de36e1, type: 3}
  m_Name: 
  m_EditorClassIdentifier: 
  ItemDiscoverable: 0
  ItemUsed: 0
  ObjectType: 0
--- !u!23 &953076027
Renderer:
  m_ObjectHideFlags: 0
  m_PrefabParentObject: {fileID: 2310346, guid: 7cb3e0fdd9da6cb4db4f9992114c6a07,
    type: 2}
  m_PrefabInternal: {fileID: 1980805428}
  m_GameObject: {fileID: 953076024}
  m_Enabled: 1
  m_CastShadows: 1
  m_ReceiveShadows: 1
  m_LightmapIndex: 255
  m_LightmapTilingOffset: {x: 1, y: 1, z: 0, w: 0}
  m_Materials:
  - {fileID: 10302, guid: 0000000000000000f000000000000000, type: 0}
  m_SubsetIndices: 
  m_StaticBatchRoot: {fileID: 0}
  m_UseLightProbes: 0
  m_LightProbeAnchor: {fileID: 0}
  m_ScaleInLightmap: 1
  m_SortingLayerID: 0
  m_SortingOrder: 0
--- !u!65 &953076028
BoxCollider:
  m_ObjectHideFlags: 0
  m_PrefabParentObject: {fileID: 6510346, guid: 7cb3e0fdd9da6cb4db4f9992114c6a07,
    type: 2}
  m_PrefabInternal: {fileID: 1980805428}
  m_GameObject: {fileID: 953076024}
  m_Material: {fileID: 0}
  m_IsTrigger: 1
  m_Enabled: 1
  serializedVersion: 2
  m_Size: {x: 10, y: 10, z: 10}
  m_Center: {x: 0, y: 0, z: 0}
--- !u!33 &953076029
MeshFilter:
  m_ObjectHideFlags: 0
  m_PrefabParentObject: {fileID: 3310346, guid: 7cb3e0fdd9da6cb4db4f9992114c6a07,
    type: 2}
  m_PrefabInternal: {fileID: 1980805428}
  m_GameObject: {fileID: 953076024}
  m_Mesh: {fileID: 10202, guid: 0000000000000000e000000000000000, type: 0}
--- !u!4 &953076030
Transform:
  m_ObjectHideFlags: 0
  m_PrefabParentObject: {fileID: 410346, guid: 7cb3e0fdd9da6cb4db4f9992114c6a07, type: 2}
  m_PrefabInternal: {fileID: 1980805428}
  m_GameObject: {fileID: 953076024}
  m_LocalRotation: {x: 0, y: 0, z: 0, w: 1}
  m_LocalPosition: {x: 8.28999996, y: -5.4000001, z: -3.88000011}
  m_LocalScale: {x: 1, y: 1, z: 1}
  m_Children: []
  m_Father: {fileID: 0}
  m_RootOrder: 3
--- !u!1 &1182010742
GameObject:
  m_ObjectHideFlags: 0
  m_PrefabParentObject: {fileID: 0}
  m_PrefabInternal: {fileID: 0}
  serializedVersion: 4
  m_Component:
  - 4: {fileID: 1182010743}
  - 33: {fileID: 1182010746}
  - 64: {fileID: 1182010745}
  - 23: {fileID: 1182010744}
  m_Layer: 0
  m_Name: EastWall
  m_TagString: Untagged
  m_Icon: {fileID: 0}
  m_NavMeshLayer: 0
  m_StaticEditorFlags: 0
  m_IsActive: 1
--- !u!4 &1182010743
Transform:
  m_ObjectHideFlags: 0
  m_PrefabParentObject: {fileID: 0}
  m_PrefabInternal: {fileID: 0}
  m_GameObject: {fileID: 1182010742}
  m_LocalRotation: {x: 0, y: 0, z: .707106829, w: .707106829}
  m_LocalPosition: {x: 15, y: -0, z: .0700000003}
  m_LocalScale: {x: 3, y: 1, z: 3}
  m_Children: []
  m_Father: {fileID: 757582517}
  m_RootOrder: 4
--- !u!23 &1182010744
Renderer:
  m_ObjectHideFlags: 0
  m_PrefabParentObject: {fileID: 0}
  m_PrefabInternal: {fileID: 0}
  m_GameObject: {fileID: 1182010742}
  m_Enabled: 1
  m_CastShadows: 1
  m_ReceiveShadows: 1
  m_LightmapIndex: 255
  m_LightmapTilingOffset: {x: 1, y: 1, z: 0, w: 0}
  m_Materials:
  - {fileID: 10302, guid: 0000000000000000f000000000000000, type: 0}
  m_SubsetIndices: 
  m_StaticBatchRoot: {fileID: 0}
  m_UseLightProbes: 0
  m_LightProbeAnchor: {fileID: 0}
  m_ScaleInLightmap: 1
  m_SortingLayerID: 0
  m_SortingOrder: 0
--- !u!64 &1182010745
MeshCollider:
  m_ObjectHideFlags: 0
  m_PrefabParentObject: {fileID: 0}
  m_PrefabInternal: {fileID: 0}
  m_GameObject: {fileID: 1182010742}
  m_Material: {fileID: 0}
  m_IsTrigger: 0
  m_Enabled: 1
  serializedVersion: 2
  m_SmoothSphereCollisions: 0
  m_Convex: 0
  m_Mesh: {fileID: 10209, guid: 0000000000000000e000000000000000, type: 0}
--- !u!33 &1182010746
MeshFilter:
  m_ObjectHideFlags: 0
  m_PrefabParentObject: {fileID: 0}
  m_PrefabInternal: {fileID: 0}
  m_GameObject: {fileID: 1182010742}
  m_Mesh: {fileID: 10209, guid: 0000000000000000e000000000000000, type: 0}
--- !u!1 &1195164251
GameObject:
  m_ObjectHideFlags: 0
  m_PrefabParentObject: {fileID: 0}
  m_PrefabInternal: {fileID: 0}
  serializedVersion: 4
  m_Component:
  - 4: {fileID: 1195164255}
  - 33: {fileID: 1195164254}
  - 64: {fileID: 1195164253}
  - 23: {fileID: 1195164252}
  m_Layer: 0
  m_Name: Floor
  m_TagString: Untagged
  m_Icon: {fileID: 0}
  m_NavMeshLayer: 0
  m_StaticEditorFlags: 0
  m_IsActive: 1
--- !u!23 &1195164252
Renderer:
  m_ObjectHideFlags: 0
  m_PrefabParentObject: {fileID: 0}
  m_PrefabInternal: {fileID: 0}
  m_GameObject: {fileID: 1195164251}
  m_Enabled: 1
  m_CastShadows: 1
  m_ReceiveShadows: 1
  m_LightmapIndex: 255
  m_LightmapTilingOffset: {x: 1, y: 1, z: 0, w: 0}
  m_Materials:
  - {fileID: 10302, guid: 0000000000000000f000000000000000, type: 0}
  m_SubsetIndices: 
  m_StaticBatchRoot: {fileID: 0}
  m_UseLightProbes: 0
  m_LightProbeAnchor: {fileID: 0}
  m_ScaleInLightmap: 1
  m_SortingLayerID: 0
  m_SortingOrder: 0
--- !u!64 &1195164253
MeshCollider:
  m_ObjectHideFlags: 0
  m_PrefabParentObject: {fileID: 0}
  m_PrefabInternal: {fileID: 0}
  m_GameObject: {fileID: 1195164251}
  m_Material: {fileID: 0}
  m_IsTrigger: 0
  m_Enabled: 1
  serializedVersion: 2
  m_SmoothSphereCollisions: 0
  m_Convex: 0
  m_Mesh: {fileID: 10209, guid: 0000000000000000e000000000000000, type: 0}
--- !u!33 &1195164254
MeshFilter:
  m_ObjectHideFlags: 0
  m_PrefabParentObject: {fileID: 0}
  m_PrefabInternal: {fileID: 0}
  m_GameObject: {fileID: 1195164251}
  m_Mesh: {fileID: 10209, guid: 0000000000000000e000000000000000, type: 0}
--- !u!4 &1195164255
Transform:
  m_ObjectHideFlags: 0
  m_PrefabParentObject: {fileID: 0}
  m_PrefabInternal: {fileID: 0}
  m_GameObject: {fileID: 1195164251}
  m_LocalRotation: {x: 0, y: 0, z: 0, w: 1}
  m_LocalPosition: {x: 0, y: 0, z: 0}
  m_LocalScale: {x: 5, y: 1, z: 5}
  m_Children: []
  m_Father: {fileID: 757582517}
  m_RootOrder: 0
--- !u!1 &1198578534
GameObject:
  m_ObjectHideFlags: 0
  m_PrefabParentObject: {fileID: 0}
  m_PrefabInternal: {fileID: 0}
  serializedVersion: 4
  m_Component:
  - 4: {fileID: 1198578538}
  - 33: {fileID: 1198578537}
  - 64: {fileID: 1198578536}
  - 23: {fileID: 1198578535}
  m_Layer: 0
  m_Name: WestWall
  m_TagString: Untagged
  m_Icon: {fileID: 0}
  m_NavMeshLayer: 0
  m_StaticEditorFlags: 0
  m_IsActive: 1
--- !u!23 &1198578535
Renderer:
  m_ObjectHideFlags: 0
  m_PrefabParentObject: {fileID: 0}
  m_PrefabInternal: {fileID: 0}
  m_GameObject: {fileID: 1198578534}
  m_Enabled: 1
  m_CastShadows: 1
  m_ReceiveShadows: 1
  m_LightmapIndex: 255
  m_LightmapTilingOffset: {x: 1, y: 1, z: 0, w: 0}
  m_Materials:
  - {fileID: 10302, guid: 0000000000000000f000000000000000, type: 0}
  m_SubsetIndices: 
  m_StaticBatchRoot: {fileID: 0}
  m_UseLightProbes: 0
  m_LightProbeAnchor: {fileID: 0}
  m_ScaleInLightmap: 1
  m_SortingLayerID: 0
  m_SortingOrder: 0
--- !u!64 &1198578536
MeshCollider:
  m_ObjectHideFlags: 0
  m_PrefabParentObject: {fileID: 0}
  m_PrefabInternal: {fileID: 0}
  m_GameObject: {fileID: 1198578534}
  m_Material: {fileID: 0}
  m_IsTrigger: 0
  m_Enabled: 1
  serializedVersion: 2
  m_SmoothSphereCollisions: 0
  m_Convex: 0
  m_Mesh: {fileID: 10209, guid: 0000000000000000e000000000000000, type: 0}
--- !u!33 &1198578537
MeshFilter:
  m_ObjectHideFlags: 0
  m_PrefabParentObject: {fileID: 0}
  m_PrefabInternal: {fileID: 0}
  m_GameObject: {fileID: 1198578534}
  m_Mesh: {fileID: 10209, guid: 0000000000000000e000000000000000, type: 0}
--- !u!4 &1198578538
Transform:
  m_ObjectHideFlags: 0
  m_PrefabParentObject: {fileID: 0}
  m_PrefabInternal: {fileID: 0}
  m_GameObject: {fileID: 1198578534}
  m_LocalRotation: {x: 0, y: 0, z: -.707106829, w: .707106829}
  m_LocalPosition: {x: -15, y: -0, z: .0700000003}
  m_LocalScale: {x: 3, y: 1, z: 3}
  m_Children: []
  m_Father: {fileID: 757582517}
  m_RootOrder: 3
--- !u!1 &1290027089
GameObject:
  m_ObjectHideFlags: 0
  m_PrefabParentObject: {fileID: 0}
  m_PrefabInternal: {fileID: 0}
  serializedVersion: 4
  m_Component:
  - 4: {fileID: 1290027091}
  - 114: {fileID: 1290027090}
  m_Layer: 0
  m_Name: Inventory_GameObject
  m_TagString: Untagged
  m_Icon: {fileID: 0}
  m_NavMeshLayer: 0
  m_StaticEditorFlags: 0
  m_IsActive: 1
--- !u!114 &1290027090
MonoBehaviour:
  m_ObjectHideFlags: 0
  m_PrefabParentObject: {fileID: 0}
  m_PrefabInternal: {fileID: 0}
  m_GameObject: {fileID: 1290027089}
  m_Enabled: 1
  m_EditorHideFlags: 0
  m_Script: {fileID: 11500000, guid: 67683786e9b7dc149a53046561de3c34, type: 3}
  m_Name: 
  m_EditorClassIdentifier: 
--- !u!4 &1290027091
Transform:
  m_ObjectHideFlags: 0
  m_PrefabParentObject: {fileID: 0}
  m_PrefabInternal: {fileID: 0}
  m_GameObject: {fileID: 1290027089}
  m_LocalRotation: {x: 0, y: 0, z: 0, w: 1}
  m_LocalPosition: {x: 37.1418228, y: 13.6802034, z: -5.17244911}
  m_LocalScale: {x: 1, y: 1, z: 1}
  m_Children: []
  m_Father: {fileID: 0}
  m_RootOrder: 6
--- !u!1 &1476286601
GameObject:
  m_ObjectHideFlags: 0
  m_PrefabParentObject: {fileID: 152518, guid: 583fe1f263b86664b9116f32ab786147, type: 2}
  m_PrefabInternal: {fileID: 23209210}
  serializedVersion: 4
  m_Component:
  - 4: {fileID: 1476286602}
  - 143: {fileID: 1476286606}
  - 114: {fileID: 1476286605}
  - 114: {fileID: 1476286604}
  - 114: {fileID: 1476286603}
  m_Layer: 8
  m_Name: Player
  m_TagString: Player
  m_Icon: {fileID: 0}
  m_NavMeshLayer: 0
  m_StaticEditorFlags: 0
  m_IsActive: 1
--- !u!4 &1476286602
Transform:
  m_ObjectHideFlags: 0
  m_PrefabParentObject: {fileID: 452518, guid: 583fe1f263b86664b9116f32ab786147, type: 2}
  m_PrefabInternal: {fileID: 23209210}
  m_GameObject: {fileID: 1476286601}
  m_LocalRotation: {x: 0, y: .707106829, z: 0, w: .707106829}
  m_LocalPosition: {x: -10.9300003, y: 1.99000001, z: -11.2299995}
  m_LocalScale: {x: 1, y: 1, z: 1}
  m_Children:
  - {fileID: 1909432323}
  - {fileID: 1900411307}
  m_Father: {fileID: 0}
  m_RootOrder: 0
--- !u!114 &1476286603
MonoBehaviour:
  m_ObjectHideFlags: 0
  m_PrefabParentObject: {fileID: 11452520, guid: 583fe1f263b86664b9116f32ab786147,
    type: 2}
  m_PrefabInternal: {fileID: 23209210}
  m_GameObject: {fileID: 1476286601}
  m_Enabled: 1
  m_EditorHideFlags: 0
  m_Script: {fileID: 11500000, guid: 60bca8f58a0b8478e946e6e86658cb29, type: 3}
  m_Name: 
  m_EditorClassIdentifier: 
--- !u!114 &1476286604
MonoBehaviour:
  m_ObjectHideFlags: 0
  m_PrefabParentObject: {fileID: 11452518, guid: 583fe1f263b86664b9116f32ab786147,
    type: 2}
  m_PrefabInternal: {fileID: 23209210}
  m_GameObject: {fileID: 1476286601}
  m_Enabled: 1
  m_EditorHideFlags: 0
  m_Script: {fileID: 11500000, guid: 0ab79d7f243824f5d9826bd83522c8df, type: 3}
  m_Name: 
  m_EditorClassIdentifier: 
  canControl: 1
  useFixedUpdate: 1
  movement:
    maxForwardSpeed: 6
    maxSidewaysSpeed: 6
    maxBackwardsSpeed: 6
    slopeSpeedMultiplier:
      serializedVersion: 2
      m_Curve:
      - time: -90
        value: 1
        inSlope: 0
        outSlope: 0
        tangentMode: 0
      - time: 0
        value: 1
        inSlope: 0
        outSlope: 0
        tangentMode: 0
      - time: 90
        value: 0
        inSlope: 0
        outSlope: 0
        tangentMode: 0
      m_PreInfinity: 2
      m_PostInfinity: 2
    maxGroundAcceleration: 20
    maxAirAcceleration: 15
    gravity: 20
    maxFallSpeed: 20
  jumping:
    enabled: 1
    baseHeight: 1
    extraHeight: 1
    perpAmount: 0
    steepPerpAmount: .5
  movingPlatform:
    enabled: 1
    movementTransfer: 2
  sliding:
    enabled: 1
    slidingSpeed: 10
    sidewaysControl: 1
    speedControl: .400000006
--- !u!114 &1476286605
MonoBehaviour:
  m_ObjectHideFlags: 0
  m_PrefabParentObject: {fileID: 11452516, guid: 583fe1f263b86664b9116f32ab786147,
    type: 2}
  m_PrefabInternal: {fileID: 23209210}
  m_GameObject: {fileID: 1476286601}
  m_Enabled: 1
  m_EditorHideFlags: 0
  m_Script: {fileID: 11500000, guid: 68ec2fe99d1108b9d0006a298d76c639, type: 3}
  m_Name: 
  m_EditorClassIdentifier: 
  axes: 1
  sensitivityX: 15
  sensitivityY: 0
  minimumX: -360
  maximumX: 360
  minimumY: 0
  maximumY: 0
--- !u!143 &1476286606
CharacterController:
  m_ObjectHideFlags: 0
  m_PrefabParentObject: {fileID: 14352522, guid: 583fe1f263b86664b9116f32ab786147,
    type: 2}
  m_PrefabInternal: {fileID: 23209210}
  m_GameObject: {fileID: 1476286601}
  serializedVersion: 2
  m_Height: 1.29999995
  m_Radius: .400000006
  m_SlopeLimit: 45
  m_StepOffset: .400000006
  m_SkinWidth: .0500000007
  m_MinMoveDistance: 0
  m_Center: {x: 0, y: 0, z: 0}
--- !u!1001 &1568756148
Prefab:
  m_ObjectHideFlags: 0
  serializedVersion: 2
  m_Modification:
    m_TransformParent: {fileID: 0}
    m_Modifications:
    - target: {fileID: 482162, guid: a2c3faa6603bb094ea8b65c7b70bc99d, type: 2}
      propertyPath: m_LocalPosition.x
      value: 17.0900002
      objectReference: {fileID: 0}
    - target: {fileID: 482162, guid: a2c3faa6603bb094ea8b65c7b70bc99d, type: 2}
      propertyPath: m_LocalPosition.y
      value: 1.04999995
      objectReference: {fileID: 0}
    - target: {fileID: 482162, guid: a2c3faa6603bb094ea8b65c7b70bc99d, type: 2}
      propertyPath: m_LocalPosition.z
      value: 3.24000001
      objectReference: {fileID: 0}
    - target: {fileID: 482162, guid: a2c3faa6603bb094ea8b65c7b70bc99d, type: 2}
      propertyPath: m_LocalRotation.x
      value: 0
      objectReference: {fileID: 0}
    - target: {fileID: 482162, guid: a2c3faa6603bb094ea8b65c7b70bc99d, type: 2}
      propertyPath: m_LocalRotation.y
      value: 0
      objectReference: {fileID: 0}
    - target: {fileID: 482162, guid: a2c3faa6603bb094ea8b65c7b70bc99d, type: 2}
      propertyPath: m_LocalRotation.z
      value: 0
      objectReference: {fileID: 0}
    - target: {fileID: 482162, guid: a2c3faa6603bb094ea8b65c7b70bc99d, type: 2}
      propertyPath: m_LocalRotation.w
      value: 1
      objectReference: {fileID: 0}
    - target: {fileID: 482162, guid: a2c3faa6603bb094ea8b65c7b70bc99d, type: 2}
      propertyPath: m_RootOrder
      value: 4
      objectReference: {fileID: 0}
    m_RemovedComponents: []
  m_ParentPrefab: {fileID: 100100000, guid: a2c3faa6603bb094ea8b65c7b70bc99d, type: 2}
  m_RootGameObject: {fileID: 1908351457}
  m_IsPrefabParent: 0
  m_IsExploded: 1
--- !u!1 &1577289942
GameObject:
  m_ObjectHideFlags: 0
  m_PrefabParentObject: {fileID: 0}
  m_PrefabInternal: {fileID: 0}
  serializedVersion: 4
  m_Component:
  - 4: {fileID: 1577289946}
  - 33: {fileID: 1577289945}
  - 65: {fileID: 1577289944}
  - 23: {fileID: 1577289943}
  m_Layer: 0
  m_Name: Box
  m_TagString: Untagged
  m_Icon: {fileID: 0}
  m_NavMeshLayer: 0
  m_StaticEditorFlags: 0
  m_IsActive: 1
--- !u!23 &1577289943
Renderer:
  m_ObjectHideFlags: 0
  m_PrefabParentObject: {fileID: 0}
  m_PrefabInternal: {fileID: 0}
  m_GameObject: {fileID: 1577289942}
  m_Enabled: 1
  m_CastShadows: 1
  m_ReceiveShadows: 1
  m_LightmapIndex: 255
  m_LightmapTilingOffset: {x: 1, y: 1, z: 0, w: 0}
  m_Materials:
  - {fileID: 10302, guid: 0000000000000000f000000000000000, type: 0}
  m_SubsetIndices: 
  m_StaticBatchRoot: {fileID: 0}
  m_UseLightProbes: 0
  m_LightProbeAnchor: {fileID: 0}
  m_ScaleInLightmap: 1
  m_SortingLayerID: 0
  m_SortingOrder: 0
--- !u!65 &1577289944
BoxCollider:
  m_ObjectHideFlags: 0
  m_PrefabParentObject: {fileID: 0}
  m_PrefabInternal: {fileID: 0}
  m_GameObject: {fileID: 1577289942}
  m_Material: {fileID: 0}
  m_IsTrigger: 0
  m_Enabled: 1
  serializedVersion: 2
  m_Size: {x: 1, y: 1, z: 1}
  m_Center: {x: 0, y: 0, z: 0}
--- !u!33 &1577289945
MeshFilter:
  m_ObjectHideFlags: 0
  m_PrefabParentObject: {fileID: 0}
  m_PrefabInternal: {fileID: 0}
  m_GameObject: {fileID: 1577289942}
  m_Mesh: {fileID: 10202, guid: 0000000000000000e000000000000000, type: 0}
--- !u!4 &1577289946
Transform:
  m_ObjectHideFlags: 0
  m_PrefabParentObject: {fileID: 0}
  m_PrefabInternal: {fileID: 0}
  m_GameObject: {fileID: 1577289942}
  m_LocalRotation: {x: 0, y: 0, z: 0, w: 1}
  m_LocalPosition: {x: -7.48999977, y: 2.5, z: -5.5}
  m_LocalScale: {x: 15.3000002, y: 5, z: 5}
  m_Children: []
  m_Father: {fileID: 757582517}
  m_RootOrder: 5
--- !u!1 &1857811309
GameObject:
  m_ObjectHideFlags: 0
  m_PrefabParentObject: {fileID: 0}
  m_PrefabInternal: {fileID: 0}
  serializedVersion: 4
  m_Component:
  - 4: {fileID: 1857811310}
  - 33: {fileID: 1857811313}
  - 64: {fileID: 1857811312}
  - 23: {fileID: 1857811311}
  m_Layer: 0
  m_Name: NorthWall
  m_TagString: Untagged
  m_Icon: {fileID: 0}
  m_NavMeshLayer: 0
  m_StaticEditorFlags: 0
  m_IsActive: 1
--- !u!4 &1857811310
Transform:
  m_ObjectHideFlags: 0
  m_PrefabParentObject: {fileID: 0}
  m_PrefabInternal: {fileID: 0}
  m_GameObject: {fileID: 1857811309}
  m_LocalRotation: {x: -.707106829, y: 0, z: 0, w: .707106829}
  m_LocalPosition: {x: 3.49000001, y: 0, z: 15}
  m_LocalScale: {x: 3, y: 1, z: 3}
  m_Children: []
  m_Father: {fileID: 757582517}
  m_RootOrder: 1
--- !u!23 &1857811311
Renderer:
  m_ObjectHideFlags: 0
  m_PrefabParentObject: {fileID: 0}
  m_PrefabInternal: {fileID: 0}
  m_GameObject: {fileID: 1857811309}
  m_Enabled: 1
  m_CastShadows: 1
  m_ReceiveShadows: 1
  m_LightmapIndex: 255
  m_LightmapTilingOffset: {x: 1, y: 1, z: 0, w: 0}
  m_Materials:
  - {fileID: 10302, guid: 0000000000000000f000000000000000, type: 0}
  m_SubsetIndices: 
  m_StaticBatchRoot: {fileID: 0}
  m_UseLightProbes: 0
  m_LightProbeAnchor: {fileID: 0}
  m_ScaleInLightmap: 1
  m_SortingLayerID: 0
  m_SortingOrder: 0
--- !u!64 &1857811312
MeshCollider:
  m_ObjectHideFlags: 0
  m_PrefabParentObject: {fileID: 0}
  m_PrefabInternal: {fileID: 0}
  m_GameObject: {fileID: 1857811309}
  m_Material: {fileID: 0}
  m_IsTrigger: 0
  m_Enabled: 1
  serializedVersion: 2
  m_SmoothSphereCollisions: 0
  m_Convex: 0
  m_Mesh: {fileID: 10209, guid: 0000000000000000e000000000000000, type: 0}
--- !u!33 &1857811313
MeshFilter:
  m_ObjectHideFlags: 0
  m_PrefabParentObject: {fileID: 0}
  m_PrefabInternal: {fileID: 0}
  m_GameObject: {fileID: 1857811309}
  m_Mesh: {fileID: 10209, guid: 0000000000000000e000000000000000, type: 0}
--- !u!1001 &1878640141
Prefab:
  m_ObjectHideFlags: 0
  serializedVersion: 2
  m_Modification:
    m_TransformParent: {fileID: 0}
    m_Modifications:
    - target: {fileID: 435276, guid: 4bffc0e44e4788b4bba0b612e9c503c7, type: 2}
      propertyPath: m_LocalPosition.x
      value: 8.28999996
      objectReference: {fileID: 0}
    - target: {fileID: 435276, guid: 4bffc0e44e4788b4bba0b612e9c503c7, type: 2}
      propertyPath: m_LocalPosition.y
      value: 1.04999995
      objectReference: {fileID: 0}
    - target: {fileID: 435276, guid: 4bffc0e44e4788b4bba0b612e9c503c7, type: 2}
      propertyPath: m_LocalPosition.z
      value: -9.96000004
      objectReference: {fileID: 0}
    - target: {fileID: 435276, guid: 4bffc0e44e4788b4bba0b612e9c503c7, type: 2}
      propertyPath: m_LocalRotation.x
      value: 0
      objectReference: {fileID: 0}
    - target: {fileID: 435276, guid: 4bffc0e44e4788b4bba0b612e9c503c7, type: 2}
      propertyPath: m_LocalRotation.y
      value: 0
      objectReference: {fileID: 0}
    - target: {fileID: 435276, guid: 4bffc0e44e4788b4bba0b612e9c503c7, type: 2}
      propertyPath: m_LocalRotation.z
      value: 0
      objectReference: {fileID: 0}
    - target: {fileID: 435276, guid: 4bffc0e44e4788b4bba0b612e9c503c7, type: 2}
      propertyPath: m_LocalRotation.w
      value: 1
      objectReference: {fileID: 0}
    - target: {fileID: 435276, guid: 4bffc0e44e4788b4bba0b612e9c503c7, type: 2}
      propertyPath: m_RootOrder
      value: 2
      objectReference: {fileID: 0}
    m_RemovedComponents: []
  m_ParentPrefab: {fileID: 100100000, guid: 4bffc0e44e4788b4bba0b612e9c503c7, type: 2}
  m_RootGameObject: {fileID: 206874727}
  m_IsPrefabParent: 0
  m_IsExploded: 1
--- !u!1 &1900411306
GameObject:
  m_ObjectHideFlags: 0
  m_PrefabParentObject: {fileID: 187352, guid: 583fe1f263b86664b9116f32ab786147, type: 2}
  m_PrefabInternal: {fileID: 23209210}
  serializedVersion: 4
  m_Component:
  - 4: {fileID: 1900411307}
  - 114: {fileID: 1900411308}
  m_Layer: 8
  m_Name: LeanNode
  m_TagString: Untagged
  m_Icon: {fileID: 0}
  m_NavMeshLayer: 0
  m_StaticEditorFlags: 0
  m_IsActive: 1
--- !u!4 &1900411307
Transform:
  m_ObjectHideFlags: 0
  m_PrefabParentObject: {fileID: 487352, guid: 583fe1f263b86664b9116f32ab786147, type: 2}
  m_PrefabInternal: {fileID: 23209210}
  m_GameObject: {fileID: 1900411306}
  m_LocalRotation: {x: 0, y: 0, z: 0, w: 1}
  m_LocalPosition: {x: 0, y: -1, z: 0}
  m_LocalScale: {x: 1, y: 1, z: 1}
  m_Children:
  - {fileID: 216411904}
  m_Father: {fileID: 1476286602}
  m_RootOrder: 1
--- !u!114 &1900411308
MonoBehaviour:
  m_ObjectHideFlags: 0
  m_PrefabParentObject: {fileID: 11487352, guid: 583fe1f263b86664b9116f32ab786147,
    type: 2}
  m_PrefabInternal: {fileID: 23209210}
  m_GameObject: {fileID: 1900411306}
  m_Enabled: 1
  m_EditorHideFlags: 0
  m_Script: {fileID: 11500000, guid: fdd7df64fec906c42984beef9615a266, type: 3}
  m_Name: 
  m_EditorClassIdentifier: 
  m_LeanSpeed: 100
--- !u!1 &1908351457
GameObject:
  m_ObjectHideFlags: 0
  m_PrefabParentObject: {fileID: 182162, guid: a2c3faa6603bb094ea8b65c7b70bc99d, type: 2}
  m_PrefabInternal: {fileID: 1568756148}
  serializedVersion: 4
  m_Component:
  - 4: {fileID: 1908351463}
  - 33: {fileID: 1908351462}
  - 65: {fileID: 1908351461}
  - 23: {fileID: 1908351460}
  - 114: {fileID: 1908351459}
  - 114: {fileID: 1908351458}
  m_Layer: 0
  m_Name: RegularNoteTrigger
  m_TagString: Untagged
  m_Icon: {fileID: 0}
  m_NavMeshLayer: 0
  m_StaticEditorFlags: 0
  m_IsActive: 1
--- !u!114 &1908351458
MonoBehaviour:
  m_ObjectHideFlags: 0
  m_PrefabParentObject: {fileID: 11482162, guid: a2c3faa6603bb094ea8b65c7b70bc99d,
    type: 2}
  m_PrefabInternal: {fileID: 1568756148}
  m_GameObject: {fileID: 1908351457}
  m_Enabled: 1
  m_EditorHideFlags: 0
  m_Script: {fileID: 11500000, guid: 7f895f2051d7a13408c69623c5e785ca, type: 3}
  m_Name: 
  m_EditorClassIdentifier: 
  NoteContent: Test Note 3 - Regular Note
  m_NoteType: 2
--- !u!114 &1908351459
MonoBehaviour:
  m_ObjectHideFlags: 0
  m_PrefabParentObject: {fileID: 11482160, guid: a2c3faa6603bb094ea8b65c7b70bc99d,
    type: 2}
  m_PrefabInternal: {fileID: 1568756148}
  m_GameObject: {fileID: 1908351457}
  m_Enabled: 1
  m_EditorHideFlags: 0
  m_Script: {fileID: 11500000, guid: 7a7a9a12ef1fdce4aa98a0fd25de36e1, type: 3}
  m_Name: 
  m_EditorClassIdentifier: 
  ItemDiscoverable: 0
  ItemUsed: 0
  ObjectType: 0
--- !u!23 &1908351460
Renderer:
  m_ObjectHideFlags: 0
  m_PrefabParentObject: {fileID: 2382162, guid: a2c3faa6603bb094ea8b65c7b70bc99d,
    type: 2}
  m_PrefabInternal: {fileID: 1568756148}
  m_GameObject: {fileID: 1908351457}
  m_Enabled: 1
  m_CastShadows: 1
  m_ReceiveShadows: 1
  m_LightmapIndex: 255
  m_LightmapTilingOffset: {x: 1, y: 1, z: 0, w: 0}
  m_Materials:
  - {fileID: 10302, guid: 0000000000000000f000000000000000, type: 0}
  m_SubsetIndices: 
  m_StaticBatchRoot: {fileID: 0}
  m_UseLightProbes: 0
  m_LightProbeAnchor: {fileID: 0}
  m_ScaleInLightmap: 1
  m_SortingLayerID: 0
  m_SortingOrder: 0
--- !u!65 &1908351461
BoxCollider:
  m_ObjectHideFlags: 0
  m_PrefabParentObject: {fileID: 6582162, guid: a2c3faa6603bb094ea8b65c7b70bc99d,
    type: 2}
  m_PrefabInternal: {fileID: 1568756148}
  m_GameObject: {fileID: 1908351457}
  m_Material: {fileID: 0}
  m_IsTrigger: 1
  m_Enabled: 1
  serializedVersion: 2
  m_Size: {x: 10, y: 10, z: 10}
  m_Center: {x: 0, y: 0, z: 0}
--- !u!33 &1908351462
MeshFilter:
  m_ObjectHideFlags: 0
  m_PrefabParentObject: {fileID: 3382162, guid: a2c3faa6603bb094ea8b65c7b70bc99d,
    type: 2}
  m_PrefabInternal: {fileID: 1568756148}
  m_GameObject: {fileID: 1908351457}
  m_Mesh: {fileID: 10202, guid: 0000000000000000e000000000000000, type: 0}
--- !u!4 &1908351463
Transform:
  m_ObjectHideFlags: 0
  m_PrefabParentObject: {fileID: 482162, guid: a2c3faa6603bb094ea8b65c7b70bc99d, type: 2}
  m_PrefabInternal: {fileID: 1568756148}
  m_GameObject: {fileID: 1908351457}
  m_LocalRotation: {x: 0, y: 0, z: 0, w: 1}
  m_LocalPosition: {x: 17.0900002, y: 1.04999995, z: 3.24000001}
  m_LocalScale: {x: 1, y: 1, z: 1}
  m_Children: []
  m_Father: {fileID: 0}
  m_RootOrder: 4
--- !u!1 &1909432320
GameObject:
  m_ObjectHideFlags: 0
  m_PrefabParentObject: {fileID: 152516, guid: 583fe1f263b86664b9116f32ab786147, type: 2}
  m_PrefabInternal: {fileID: 23209210}
  serializedVersion: 4
  m_Component:
  - 4: {fileID: 1909432323}
  - 33: {fileID: 1909432322}
  - 23: {fileID: 1909432321}
  m_Layer: 8
  m_Name: Graphics
  m_TagString: Untagged
  m_Icon: {fileID: 0}
  m_NavMeshLayer: 0
  m_StaticEditorFlags: 0
  m_IsActive: 1
--- !u!23 &1909432321
Renderer:
  m_ObjectHideFlags: 0
  m_PrefabParentObject: {fileID: 2352522, guid: 583fe1f263b86664b9116f32ab786147,
    type: 2}
  m_PrefabInternal: {fileID: 23209210}
  m_GameObject: {fileID: 1909432320}
  m_Enabled: 1
  m_CastShadows: 0
  m_ReceiveShadows: 0
  m_LightmapIndex: 255
  m_LightmapTilingOffset: {x: 1, y: 1, z: 0, w: 0}
  m_Materials:
  - {fileID: 10302, guid: 0000000000000000f000000000000000, type: 0}
  m_SubsetIndices: 
  m_StaticBatchRoot: {fileID: 0}
  m_UseLightProbes: 0
  m_LightProbeAnchor: {fileID: 0}
  m_ScaleInLightmap: 1
  m_SortingLayerID: 0
  m_SortingOrder: 0
--- !u!33 &1909432322
MeshFilter:
  m_ObjectHideFlags: 0
  m_PrefabParentObject: {fileID: 3352522, guid: 583fe1f263b86664b9116f32ab786147,
    type: 2}
  m_PrefabInternal: {fileID: 23209210}
  m_GameObject: {fileID: 1909432320}
  m_Mesh: {fileID: 10205, guid: 0000000000000000e000000000000000, type: 0}
--- !u!4 &1909432323
Transform:
  m_ObjectHideFlags: 0
  m_PrefabParentObject: {fileID: 452516, guid: 583fe1f263b86664b9116f32ab786147, type: 2}
  m_PrefabInternal: {fileID: 23209210}
  m_GameObject: {fileID: 1909432320}
  m_LocalRotation: {x: -0, y: 0, z: 0, w: 1}
  m_LocalPosition: {x: 0, y: 0, z: 0}
  m_LocalScale: {x: .400000006, y: .5, z: .400000006}
  m_Children: []
  m_Father: {fileID: 1476286602}
  m_RootOrder: 0
--- !u!1001 &1980805428
Prefab:
  m_ObjectHideFlags: 0
  serializedVersion: 2
  m_Modification:
    m_TransformParent: {fileID: 0}
    m_Modifications:
    - target: {fileID: 410346, guid: 7cb3e0fdd9da6cb4db4f9992114c6a07, type: 2}
      propertyPath: m_LocalPosition.x
      value: 8.28999996
      objectReference: {fileID: 0}
    - target: {fileID: 410346, guid: 7cb3e0fdd9da6cb4db4f9992114c6a07, type: 2}
      propertyPath: m_LocalPosition.y
      value: -5.4000001
      objectReference: {fileID: 0}
    - target: {fileID: 410346, guid: 7cb3e0fdd9da6cb4db4f9992114c6a07, type: 2}
      propertyPath: m_LocalPosition.z
      value: -3.88000011
      objectReference: {fileID: 0}
    - target: {fileID: 410346, guid: 7cb3e0fdd9da6cb4db4f9992114c6a07, type: 2}
      propertyPath: m_LocalRotation.x
      value: 0
      objectReference: {fileID: 0}
    - target: {fileID: 410346, guid: 7cb3e0fdd9da6cb4db4f9992114c6a07, type: 2}
      propertyPath: m_LocalRotation.y
      value: 0
      objectReference: {fileID: 0}
    - target: {fileID: 410346, guid: 7cb3e0fdd9da6cb4db4f9992114c6a07, type: 2}
      propertyPath: m_LocalRotation.z
      value: 0
      objectReference: {fileID: 0}
    - target: {fileID: 410346, guid: 7cb3e0fdd9da6cb4db4f9992114c6a07, type: 2}
      propertyPath: m_LocalRotation.w
      value: 1
      objectReference: {fileID: 0}
    - target: {fileID: 410346, guid: 7cb3e0fdd9da6cb4db4f9992114c6a07, type: 2}
      propertyPath: m_RootOrder
      value: 3
      objectReference: {fileID: 0}
    m_RemovedComponents: []
  m_ParentPrefab: {fileID: 100100000, guid: 7cb3e0fdd9da6cb4db4f9992114c6a07, type: 2}
  m_RootGameObject: {fileID: 953076024}
  m_IsPrefabParent: 0
  m_IsExploded: 1
